<record><leader>00000cas a2200000 a 4500</leader><controlfield tag="001">10703713</controlfield><controlfield tag="008">840508d19421944ncuwr ne     f0   a0eng d</controlfield><datafield ind1=" " ind2=" " tag="010"><subfield code="a">sn 95072311 </subfield></datafield><datafield ind1=" " ind2=" " tag="040"><subfield code="a">WIH</subfield><subfield code="b">eng</subfield><subfield code="c">WIH</subfield><subfield code="d">NYS</subfield><subfield code="d">NVJ</subfield><subfield code="d">OCL</subfield><subfield code="d">OCLCQ</subfield><subfield code="d">OCLCF</subfield><subfield code="d">OCLCO</subfield></datafield><datafield ind1=" " ind2=" " tag="042"><subfield code="a">msc</subfield></datafield><datafield ind1=" " ind2=" " tag="043"><subfield code="a">n-us---</subfield></datafield><datafield ind1="0" ind2="0" tag="245"><subfield code="a">New River pioneer.</subfield></datafield><datafield ind1=" " ind2=" " tag="260"><subfield code="a">New River, N.C. :</subfield><subfield code="b">[Marine Barracks, Post Recreation and Public Relations Office],</subfield><subfield code="c">1942-1944.</subfield></datafield><datafield ind1=" " ind2=" " tag="300"><subfield code="a">2 v. :</subfield><subfield code="b">ill.</subfield></datafield><datafield ind1=" " ind2=" " tag="310"><subfield code="a">Weekly</subfield></datafield><datafield ind1="0" ind2=" " tag="362"><subfield code="a">Vol. 1, no. 1 (Sept. 17, 1942)-v. 2, no. 23 (Feb. 17, 1944).</subfield></datafield><datafield ind1=" " ind2=" " tag="521"><subfield code="a">Official publication for the U.S. marines, New River Marines Barracks (called Camp Lejune, 1943- ).</subfield></datafield><datafield ind1=" " ind2=" " tag="530"><subfield code="a">Available on microfilm from U.S. Marine Corps, Microfilm Unit.</subfield></datafield><datafield ind1="1" ind2="0" tag="610"><subfield code="a">United States.</subfield><subfield code="b">Marine Corps</subfield><subfield code="v">Periodicals.</subfield></datafield><datafield ind1=" " ind2="0" tag="651"><subfield code="a">Camp Lejeune (N.C.)</subfield><subfield code="v">Periodicals.</subfield></datafield><datafield ind1=" " ind2="7" tag="655"><subfield code="a">Periodicals.</subfield><subfield code="2">fast</subfield><subfield code="0">(OCoLC)fst01411641</subfield></datafield><datafield ind1="1" ind2="7" tag="610"><subfield code="a">United States.</subfield><subfield code="b">Marine Corps.</subfield><subfield code="2">fast</subfield><subfield code="0">(OCoLC)fst00528845</subfield></datafield><datafield ind1=" " ind2="7" tag="651"><subfield code="a">North Carolina</subfield><subfield code="z">Camp Lejeune.</subfield><subfield code="2">fast</subfield><subfield code="0">(OCoLC)fst01219709</subfield></datafield><datafield ind1="1" ind2=" " tag="710"><subfield code="a">Camp Lejeune (N.C.).</subfield><subfield code="b">Public Relations Office.</subfield></datafield><datafield ind1=" " ind2=" " tag="752"><subfield code="a">United States</subfield><subfield code="b">North Carolina</subfield><subfield code="c">Onslow</subfield><subfield code="d">New River.</subfield></datafield><datafield ind1="0" ind2="0" tag="785"><subfield code="t">Camp Lejeune globe</subfield><subfield code="w">(DLC)sn 91066064</subfield><subfield code="w">(OCoLC)10703891</subfield></datafield></record>